%YAML 1.1
%TAG !u! tag:unity3d.com,2011:
--- !u!1 &6677119020438185519
GameObject:
  m_ObjectHideFlags: 0
  m_CorrespondingSourceObject: {fileID: 0}
  m_PrefabInstance: {fileID: 0}
  m_PrefabAsset: {fileID: 0}
  serializedVersion: 6
  m_Component:
  - component: {fileID: 6677119020438185504}
  m_Layer: 0
  m_Name: Game
  m_TagString: Untagged
  m_Icon: {fileID: 0}
  m_NavMeshLayer: 0
  m_StaticEditorFlags: 0
  m_IsActive: 0
--- !u!4 &6677119020438185504
Transform:
  m_ObjectHideFlags: 0
  m_CorrespondingSourceObject: {fileID: 0}
  m_PrefabInstance: {fileID: 0}
  m_PrefabAsset: {fileID: 0}
  m_GameObject: {fileID: 6677119020438185519}
  m_LocalRotation: {x: 0, y: 0, z: 0, w: 1}
  m_LocalPosition: {x: -0.39348507, y: 0, z: -0.91289043}
  m_LocalScale: {x: 1, y: 1, z: 1}
  m_Children:
  - {fileID: 648195803492176346}
  - {fileID: 1139715319547407928}
  - {fileID: 6677119020515038615}
  - {fileID: 6677119021254692449}
  m_Father: {fileID: 0}
  m_RootOrder: 0
  m_LocalEulerAnglesHint: {x: 0, y: 0, z: 0}
--- !u!1 &6677119020515038611
GameObject:
  m_ObjectHideFlags: 0
  m_CorrespondingSourceObject: {fileID: 0}
  m_PrefabInstance: {fileID: 0}
  m_PrefabAsset: {fileID: 0}
  serializedVersion: 6
  m_Component:
  - component: {fileID: 6677119020515038615}
  - component: {fileID: 6677119020515038614}
  - component: {fileID: 6677119020515038613}
  - component: {fileID: 6677119020515038612}
  - component: {fileID: 6677119020515038600}
  - component: {fileID: 6677119020515038601}
  m_Layer: 0
  m_Name: Puck
  m_TagString: Untagged
  m_Icon: {fileID: 0}
  m_NavMeshLayer: 0
  m_StaticEditorFlags: 0
  m_IsActive: 1
--- !u!4 &6677119020515038615
Transform:
  m_ObjectHideFlags: 0
  m_CorrespondingSourceObject: {fileID: 0}
  m_PrefabInstance: {fileID: 0}
  m_PrefabAsset: {fileID: 0}
  m_GameObject: {fileID: 6677119020515038611}
  m_LocalRotation: {x: -0, y: -0, z: -0, w: 1}
  m_LocalPosition: {x: 0.49346006, y: 0.21775, z: -0.42150962}
  m_LocalScale: {x: 0.2549415, y: 0.2549415, z: 0.2549415}
  m_Children: []
  m_Father: {fileID: 6677119020438185504}
  m_RootOrder: 2
  m_LocalEulerAnglesHint: {x: 0, y: 0, z: 0}
--- !u!33 &6677119020515038614
MeshFilter:
  m_ObjectHideFlags: 0
  m_CorrespondingSourceObject: {fileID: 0}
  m_PrefabInstance: {fileID: 0}
  m_PrefabAsset: {fileID: 0}
  m_GameObject: {fileID: 6677119020515038611}
  m_Mesh: {fileID: 10202, guid: 0000000000000000e000000000000000, type: 0}
--- !u!23 &6677119020515038613
MeshRenderer:
  m_ObjectHideFlags: 0
  m_CorrespondingSourceObject: {fileID: 0}
  m_PrefabInstance: {fileID: 0}
  m_PrefabAsset: {fileID: 0}
  m_GameObject: {fileID: 6677119020515038611}
  m_Enabled: 1
  m_CastShadows: 1
  m_ReceiveShadows: 1
  m_DynamicOccludee: 1
  m_MotionVectors: 1
  m_LightProbeUsage: 1
  m_ReflectionProbeUsage: 1
  m_RenderingLayerMask: 1
  m_RendererPriority: 0
  m_Materials:
  - {fileID: 10303, guid: 0000000000000000f000000000000000, type: 0}
  m_StaticBatchInfo:
    firstSubMesh: 0
    subMeshCount: 0
  m_StaticBatchRoot: {fileID: 0}
  m_ProbeAnchor: {fileID: 0}
  m_LightProbeVolumeOverride: {fileID: 0}
  m_ScaleInLightmap: 1
  m_PreserveUVs: 0
  m_IgnoreNormalsForChartDetection: 0
  m_ImportantGI: 0
  m_StitchLightmapSeams: 0
  m_SelectedEditorRenderState: 3
  m_MinimumChartSize: 4
  m_AutoUVMaxDistance: 0.5
  m_AutoUVMaxAngle: 89
  m_LightmapParameters: {fileID: 0}
  m_SortingLayerID: 0
  m_SortingLayer: 0
  m_SortingOrder: 0
--- !u!65 &6677119020515038612
BoxCollider:
  m_ObjectHideFlags: 0
  m_CorrespondingSourceObject: {fileID: 0}
  m_PrefabInstance: {fileID: 0}
  m_PrefabAsset: {fileID: 0}
  m_GameObject: {fileID: 6677119020515038611}
  m_Material: {fileID: 13400000, guid: 10f08a6cf37df7e4985eda699276d72a, type: 2}
  m_IsTrigger: 0
  m_Enabled: 1
  serializedVersion: 2
  m_Size: {x: 1, y: 1, z: 1}
  m_Center: {x: 0, y: 0, z: 0}
--- !u!114 &6677119020515038600
MonoBehaviour:
  m_ObjectHideFlags: 0
  m_CorrespondingSourceObject: {fileID: 0}
  m_PrefabInstance: {fileID: 0}
  m_PrefabAsset: {fileID: 0}
  m_GameObject: {fileID: 6677119020515038611}
  m_Enabled: 1
  m_EditorHideFlags: 0
  m_Script: {fileID: 11500000, guid: 72376fe57fd6ee146a6f4474ebe58aec, type: 3}
  m_Name: 
  m_EditorClassIdentifier: 
  velocity: {x: 0, y: 0, z: 0}
  horizontalSpeed: 5
  verticalSpeed: 5
  puckRigidBody: {fileID: 6677119020515038601}
  middleLine: {fileID: 6677119021254692461}
  direction: 0
  respawnDelay: 0
  respawnTime: 0
--- !u!54 &6677119020515038601
Rigidbody:
  m_ObjectHideFlags: 0
  m_CorrespondingSourceObject: {fileID: 0}
  m_PrefabInstance: {fileID: 0}
  m_PrefabAsset: {fileID: 0}
  m_GameObject: {fileID: 6677119020515038611}
  serializedVersion: 2
  m_Mass: 1
  m_Drag: 0
  m_AngularDrag: 0.05
  m_UseGravity: 0
  m_IsKinematic: 0
  m_Interpolate: 0
  m_Constraints: 112
  m_CollisionDetection: 0
--- !u!1 &6677119021254692461
GameObject:
  m_ObjectHideFlags: 0
  m_CorrespondingSourceObject: {fileID: 0}
  m_PrefabInstance: {fileID: 0}
  m_PrefabAsset: {fileID: 0}
  serializedVersion: 6
  m_Component:
  - component: {fileID: 6677119021254692449}
  - component: {fileID: 6677119021254692448}
  - component: {fileID: 6677119021254692463}
  - component: {fileID: 6677119021254692462}
  m_Layer: 0
  m_Name: Middle Line
  m_TagString: Untagged
  m_Icon: {fileID: 0}
  m_NavMeshLayer: 0
  m_StaticEditorFlags: 0
  m_IsActive: 1
--- !u!4 &6677119021254692449
Transform:
  m_ObjectHideFlags: 0
  m_CorrespondingSourceObject: {fileID: 0}
  m_PrefabInstance: {fileID: 0}
  m_PrefabAsset: {fileID: 0}
  m_GameObject: {fileID: 6677119021254692461}
  m_LocalRotation: {x: -0, y: -0, z: -0, w: 1}
  m_LocalPosition: {x: 0.49035007, y: 0.046668, z: -0.22710955}
  m_LocalScale: {x: 0.15677999, y: 8.848765, z: 0.77764}
  m_Children: []
  m_Father: {fileID: 6677119020438185504}
  m_RootOrder: 3
  m_LocalEulerAnglesHint: {x: 0, y: 0, z: 0}
--- !u!33 &6677119021254692448
MeshFilter:
  m_ObjectHideFlags: 0
  m_CorrespondingSourceObject: {fileID: 0}
  m_PrefabInstance: {fileID: 0}
  m_PrefabAsset: {fileID: 0}
  m_GameObject: {fileID: 6677119021254692461}
  m_Mesh: {fileID: 10202, guid: 0000000000000000e000000000000000, type: 0}
--- !u!23 &6677119021254692463
MeshRenderer:
  m_ObjectHideFlags: 0
  m_CorrespondingSourceObject: {fileID: 0}
  m_PrefabInstance: {fileID: 0}
  m_PrefabAsset: {fileID: 0}
  m_GameObject: {fileID: 6677119021254692461}
  m_Enabled: 1
  m_CastShadows: 1
  m_ReceiveShadows: 1
  m_DynamicOccludee: 1
  m_MotionVectors: 1
  m_LightProbeUsage: 1
  m_ReflectionProbeUsage: 1
  m_RenderingLayerMask: 1
  m_RendererPriority: 0
  m_Materials:
  - {fileID: 10303, guid: 0000000000000000f000000000000000, type: 0}
  m_StaticBatchInfo:
    firstSubMesh: 0
    subMeshCount: 0
  m_StaticBatchRoot: {fileID: 0}
  m_ProbeAnchor: {fileID: 0}
  m_LightProbeVolumeOverride: {fileID: 0}
  m_ScaleInLightmap: 1
  m_PreserveUVs: 0
  m_IgnoreNormalsForChartDetection: 0
  m_ImportantGI: 0
  m_StitchLightmapSeams: 0
  m_SelectedEditorRenderState: 3
  m_MinimumChartSize: 4
  m_AutoUVMaxDistance: 0.5
  m_AutoUVMaxAngle: 89
  m_LightmapParameters: {fileID: 0}
  m_SortingLayerID: 0
  m_SortingLayer: 0
  m_SortingOrder: 0
--- !u!65 &6677119021254692462
BoxCollider:
  m_ObjectHideFlags: 0
  m_CorrespondingSourceObject: {fileID: 0}
  m_PrefabInstance: {fileID: 0}
  m_PrefabAsset: {fileID: 0}
  m_GameObject: {fileID: 6677119021254692461}
  m_Material: {fileID: 0}
  m_IsTrigger: 1
  m_Enabled: 1
  serializedVersion: 2
  m_Size: {x: 1, y: 1, z: 1}
  m_Center: {x: 0, y: 0, z: 0}
--- !u!114 &6677119020871345510
MonoBehaviour:
  m_ObjectHideFlags: 0
  m_CorrespondingSourceObject: {fileID: 0}
  m_PrefabInstance: {fileID: 0}
  m_PrefabAsset: {fileID: 0}
  m_GameObject: {fileID: 7570727437402434087}
  m_Enabled: 0
  m_EditorHideFlags: 0
  m_Script: {fileID: 11500000, guid: 8e4528347d2aa5b438d24c8dde6bae57, type: 3}
  m_Name: 
  m_EditorClassIdentifier: 
  tree: {fileID: 11400000, guid: c7d989788c739694883c349abfb6123a, type: 2}
  navigationalMesh: {fileID: 0}
--- !u!1001 &6595007023502350733
PrefabInstance:
  m_ObjectHideFlags: 0
  serializedVersion: 2
  m_Modification:
    m_TransformParent: {fileID: 6677119020438185504}
    m_Modifications:
    - target: {fileID: 0}
      propertyPath: m_UseGravity
      value: 0
      objectReference: {fileID: 0}
    - target: {fileID: 3871200264434338888, guid: ebfd9a35e045dbc4288585d08d99361c,
        type: 3}
      propertyPath: m_Name
      value: Player 1
      objectReference: {fileID: 0}
    - target: {fileID: 3871200264434338888, guid: ebfd9a35e045dbc4288585d08d99361c,
        type: 3}
      propertyPath: m_TagString
      value: Player
      objectReference: {fileID: 0}
    - target: {fileID: 3871200264434338888, guid: ebfd9a35e045dbc4288585d08d99361c,
        type: 3}
      propertyPath: m_IsActive
      value: 1
      objectReference: {fileID: 0}
    - target: {fileID: 6014822645619263575, guid: ebfd9a35e045dbc4288585d08d99361c,
        type: 3}
      propertyPath: m_LocalPosition.x
      value: -6.521615
      objectReference: {fileID: 0}
    - target: {fileID: 6014822645619263575, guid: ebfd9a35e045dbc4288585d08d99361c,
        type: 3}
      propertyPath: m_LocalPosition.y
      value: 2.4216
      objectReference: {fileID: 0}
    - target: {fileID: 6014822645619263575, guid: ebfd9a35e045dbc4288585d08d99361c,
        type: 3}
      propertyPath: m_LocalPosition.z
      value: -0.3049096
      objectReference: {fileID: 0}
    - target: {fileID: 6014822645619263575, guid: ebfd9a35e045dbc4288585d08d99361c,
        type: 3}
      propertyPath: m_LocalRotation.x
      value: -0
      objectReference: {fileID: 0}
    - target: {fileID: 6014822645619263575, guid: ebfd9a35e045dbc4288585d08d99361c,
        type: 3}
      propertyPath: m_LocalRotation.y
      value: -0
      objectReference: {fileID: 0}
    - target: {fileID: 6014822645619263575, guid: ebfd9a35e045dbc4288585d08d99361c,
        type: 3}
      propertyPath: m_LocalRotation.z
      value: -0
      objectReference: {fileID: 0}
    - target: {fileID: 6014822645619263575, guid: ebfd9a35e045dbc4288585d08d99361c,
        type: 3}
      propertyPath: m_LocalRotation.w
      value: 1
      objectReference: {fileID: 0}
    - target: {fileID: 6014822645619263575, guid: ebfd9a35e045dbc4288585d08d99361c,
        type: 3}
      propertyPath: m_RootOrder
      value: 0
      objectReference: {fileID: 0}
    - target: {fileID: 6014822645619263575, guid: ebfd9a35e045dbc4288585d08d99361c,
        type: 3}
      propertyPath: m_LocalEulerAnglesHint.x
      value: 0
      objectReference: {fileID: 0}
    - target: {fileID: 6014822645619263575, guid: ebfd9a35e045dbc4288585d08d99361c,
        type: 3}
      propertyPath: m_LocalEulerAnglesHint.y
      value: 0
      objectReference: {fileID: 0}
    - target: {fileID: 6014822645619263575, guid: ebfd9a35e045dbc4288585d08d99361c,
        type: 3}
      propertyPath: m_LocalEulerAnglesHint.z
      value: 0
      objectReference: {fileID: 0}
    - target: {fileID: 6014822645619263575, guid: ebfd9a35e045dbc4288585d08d99361c,
        type: 3}
      propertyPath: m_LocalScale.x
      value: 0.23155941
      objectReference: {fileID: 0}
    - target: {fileID: 6014822645619263575, guid: ebfd9a35e045dbc4288585d08d99361c,
        type: 3}
      propertyPath: m_LocalScale.y
      value: 1.5694135
      objectReference: {fileID: 0}
    - target: {fileID: 6014822645619263575, guid: ebfd9a35e045dbc4288585d08d99361c,
        type: 3}
      propertyPath: m_LocalScale.z
      value: 0.77764
      objectReference: {fileID: 0}
    - target: {fileID: 7862161291187836721, guid: ebfd9a35e045dbc4288585d08d99361c,
        type: 3}
      propertyPath: bounds.Array.size
      value: 2
      objectReference: {fileID: 0}
    - target: {fileID: 7862161291187836721, guid: ebfd9a35e045dbc4288585d08d99361c,
        type: 3}
      propertyPath: direction
      value: -1
      objectReference: {fileID: 0}
    - target: {fileID: 7862161291187836721, guid: ebfd9a35e045dbc4288585d08d99361c,
        type: 3}
      propertyPath: scoreText
      value: 
      objectReference: {fileID: 0}
    - target: {fileID: 7862161291187836721, guid: ebfd9a35e045dbc4288585d08d99361c,
        type: 3}
      propertyPath: bounds.Array.data[0]
      value: 
      objectReference: {fileID: 0}
    - target: {fileID: 7862161291187836721, guid: ebfd9a35e045dbc4288585d08d99361c,
        type: 3}
      propertyPath: bounds.Array.data[1]
      value: 
      objectReference: {fileID: 0}
    - target: {fileID: 7862161291187836721, guid: ebfd9a35e045dbc4288585d08d99361c,
        type: 3}
      propertyPath: m_Enabled
      value: 0
      objectReference: {fileID: 0}
    m_RemovedComponents:
    - {fileID: 0}
  m_SourcePrefab: {fileID: 100100000, guid: ebfd9a35e045dbc4288585d08d99361c, type: 3}
--- !u!4 &648195803492176346 stripped
Transform:
  m_CorrespondingSourceObject: {fileID: 6014822645619263575, guid: ebfd9a35e045dbc4288585d08d99361c,
    type: 3}
  m_PrefabInstance: {fileID: 6595007023502350733}
  m_PrefabAsset: {fileID: 0}
--- !u!1001 &6677119020932343407
PrefabInstance:
  m_ObjectHideFlags: 0
  serializedVersion: 2
  m_Modification:
    m_TransformParent: {fileID: 6677119020438185504}
    m_Modifications:
    - target: {fileID: 3871200264434338888, guid: ebfd9a35e045dbc4288585d08d99361c,
        type: 3}
      propertyPath: m_Name
      value: Player 2
      objectReference: {fileID: 0}
    - target: {fileID: 3871200264434338888, guid: ebfd9a35e045dbc4288585d08d99361c,
        type: 3}
      propertyPath: m_TagString
      value: Player
      objectReference: {fileID: 0}
    - target: {fileID: 3871200264434338888, guid: ebfd9a35e045dbc4288585d08d99361c,
        type: 3}
      propertyPath: m_IsActive
      value: 1
      objectReference: {fileID: 0}
    - target: {fileID: 6014822645619263575, guid: ebfd9a35e045dbc4288585d08d99361c,
        type: 3}
      propertyPath: m_LocalPosition.x
      value: 7.2977853
      objectReference: {fileID: 0}
    - target: {fileID: 6014822645619263575, guid: ebfd9a35e045dbc4288585d08d99361c,
        type: 3}
      propertyPath: m_LocalPosition.y
      value: 2.4216
      objectReference: {fileID: 0}
    - target: {fileID: 6014822645619263575, guid: ebfd9a35e045dbc4288585d08d99361c,
        type: 3}
      propertyPath: m_LocalPosition.z
      value: -0.3049096
      objectReference: {fileID: 0}
    - target: {fileID: 6014822645619263575, guid: ebfd9a35e045dbc4288585d08d99361c,
        type: 3}
      propertyPath: m_LocalRotation.x
      value: -0
      objectReference: {fileID: 0}
    - target: {fileID: 6014822645619263575, guid: ebfd9a35e045dbc4288585d08d99361c,
        type: 3}
      propertyPath: m_LocalRotation.y
      value: -0
      objectReference: {fileID: 0}
    - target: {fileID: 6014822645619263575, guid: ebfd9a35e045dbc4288585d08d99361c,
        type: 3}
      propertyPath: m_LocalRotation.z
      value: -0
      objectReference: {fileID: 0}
    - target: {fileID: 6014822645619263575, guid: ebfd9a35e045dbc4288585d08d99361c,
        type: 3}
      propertyPath: m_LocalRotation.w
      value: 1
      objectReference: {fileID: 0}
    - target: {fileID: 6014822645619263575, guid: ebfd9a35e045dbc4288585d08d99361c,
        type: 3}
      propertyPath: m_RootOrder
      value: 1
      objectReference: {fileID: 0}
    - target: {fileID: 6014822645619263575, guid: ebfd9a35e045dbc4288585d08d99361c,
        type: 3}
      propertyPath: m_LocalEulerAnglesHint.x
      value: 0
      objectReference: {fileID: 0}
    - target: {fileID: 6014822645619263575, guid: ebfd9a35e045dbc4288585d08d99361c,
        type: 3}
      propertyPath: m_LocalEulerAnglesHint.y
      value: 0
      objectReference: {fileID: 0}
    - target: {fileID: 6014822645619263575, guid: ebfd9a35e045dbc4288585d08d99361c,
        type: 3}
      propertyPath: m_LocalEulerAnglesHint.z
      value: 0
      objectReference: {fileID: 0}
    - target: {fileID: 6014822645619263575, guid: ebfd9a35e045dbc4288585d08d99361c,
        type: 3}
      propertyPath: m_LocalScale.x
      value: 0.23155941
      objectReference: {fileID: 0}
    - target: {fileID: 6014822645619263575, guid: ebfd9a35e045dbc4288585d08d99361c,
        type: 3}
      propertyPath: m_LocalScale.y
      value: 1.5694135
      objectReference: {fileID: 0}
    - target: {fileID: 6014822645619263575, guid: ebfd9a35e045dbc4288585d08d99361c,
        type: 3}
      propertyPath: m_LocalScale.z
      value: 0.77764
      objectReference: {fileID: 0}
    - target: {fileID: 7862161291187836721, guid: ebfd9a35e045dbc4288585d08d99361c,
        type: 3}
      propertyPath: playerID
      value: 1
      objectReference: {fileID: 0}
    - target: {fileID: 7862161291187836721, guid: ebfd9a35e045dbc4288585d08d99361c,
        type: 3}
      propertyPath: direction
      value: -1
      objectReference: {fileID: 0}
    - target: {fileID: 7862161291187836721, guid: ebfd9a35e045dbc4288585d08d99361c,
        type: 3}
      propertyPath: scoreText
      value: 
      objectReference: {fileID: 0}
    - target: {fileID: 7862161291187836721, guid: ebfd9a35e045dbc4288585d08d99361c,
        type: 3}
      propertyPath: bounds.Array.data[0]
      value: 
      objectReference: {fileID: 0}
    - target: {fileID: 7862161291187836721, guid: ebfd9a35e045dbc4288585d08d99361c,
        type: 3}
      propertyPath: bounds.Array.data[1]
      value: 
      objectReference: {fileID: 0}
    - target: {fileID: 7862161291187836721, guid: ebfd9a35e045dbc4288585d08d99361c,
        type: 3}
      propertyPath: m_Enabled
      value: 0
      objectReference: {fileID: 0}
    m_RemovedComponents: []
  m_SourcePrefab: {fileID: 100100000, guid: ebfd9a35e045dbc4288585d08d99361c, type: 3}
--- !u!1 &7570727437402434087 stripped
GameObject:
  m_CorrespondingSourceObject: {fileID: 3871200264434338888, guid: ebfd9a35e045dbc4288585d08d99361c,
    type: 3}
  m_PrefabInstance: {fileID: 6677119020932343407}
  m_PrefabAsset: {fileID: 0}
--- !u!4 &1139715319547407928 stripped
Transform:
  m_CorrespondingSourceObject: {fileID: 6014822645619263575, guid: ebfd9a35e045dbc4288585d08d99361c,
    type: 3}
  m_PrefabInstance: {fileID: 6677119020932343407}
  m_PrefabAsset: {fileID: 0}
