%YAML 1.1
%TAG !u! tag:unity3d.com,2011:
--- !u!114 &-2793103083768088096
MonoBehaviour:
  m_ObjectHideFlags: 0
  m_CorrespondingSourceObject: {fileID: 0}
  m_PrefabInstance: {fileID: 0}
  m_PrefabAsset: {fileID: 0}
  m_GameObject: {fileID: 0}
  m_Enabled: 1
  m_EditorHideFlags: 0
  m_Script: {fileID: 11500000, guid: 45c5cdf6899a5014e9abebddf8ec2299, type: 3}
  m_Name: 
  m_EditorClassIdentifier: 
  behaviour: {fileID: -140463377611061921}
  id: 1
  nodeType: 2
  name: Movement
  sockets:
  - connection: []
    attachedNode: {fileID: -2793103083768088096}
    previousNode: {fileID: 2118924092395348777}
    type: -1
    id: 2
    display:
      serializedVersion: 2
      x: 378
      y: 388
      width: 20
      height: 10
  - connection: []
    attachedNode: {fileID: -2793103083768088096}
    previousNode: {fileID: 0}
    type: 1
    id: 3
    display:
      serializedVersion: 2
      x: 498
      y: 388
      width: 20
      height: 10
  startConnection: 0
  SelectedSocket:
    connection: []
    attachedNode: {fileID: 0}
    previousNode: {fileID: 0}
    type: 0
    id: 0
    display:
      serializedVersion: 2
      x: 0
      y: 0
      width: 0
      height: 0
  localParams: []
  displayWindow:
    serializedVersion: 2
    x: 398
    y: 338
    width: 100
    height: 100
  editorWindow: {fileID: 0}
  colour: {r: 0, g: 0, b: 0, a: 0}
  successTexture: {fileID: 0}
  selected: 6
  connectionSelected: 0
  localParamsDisplay: []
  currentSelectedParam:
    type: 0
    nConditionTypes: 0
    bConditionTypes: 0
    fConditionvalue: 0
    iConditionvalue: 0
    bConditionvalue: 0
    fContinuousValue: 0
    iContinuousValue: 0
    bContinuousValue: 0
    paramName: 
    selected: 0
    pData:
      paramName: 
      iParamValue: 0
      fParamValue: 0
      bParamValue: 0
  currentSelectedParamDisplay:
    serializedVersion: 2
    x: 0
    y: 0
    width: 0
    height: 0
  localParamsDisplayOffset: 80
  selectedParameter: 
--- !u!114 &-710651376656400997
MonoBehaviour:
  m_ObjectHideFlags: 0
  m_CorrespondingSourceObject: {fileID: 0}
  m_PrefabInstance: {fileID: 0}
  m_PrefabAsset: {fileID: 0}
  m_GameObject: {fileID: 0}
  m_Enabled: 1
  m_EditorHideFlags: 0
  m_Script: {fileID: 11500000, guid: 1c27090836759044cad738acc943fd49, type: 3}
  m_Name: 
  m_EditorClassIdentifier: 
  agentObj: {fileID: 0}
  navigation: {fileID: 0}
  node: {fileID: 0}
  controller: {fileID: 0}
  bData:
    fieldData: []
  gameSaveLoaded: 0
  tree: {fileID: 0}
  result: 1
  selector: {fileID: 0}
  weightValue: 0
  probability: 0
  condition: {fileID: 0}
  detectionRadius: 0
  detectionMask:
    serializedVersion: 2
    m_Bits: 0
  spawner: {fileID: 0}
--- !u!114 &-140463377611061921
MonoBehaviour:
  m_ObjectHideFlags: 0
  m_CorrespondingSourceObject: {fileID: 0}
  m_PrefabInstance: {fileID: 0}
  m_PrefabAsset: {fileID: 0}
  m_GameObject: {fileID: 0}
  m_Enabled: 1
  m_EditorHideFlags: 0
  m_Script: {fileID: 11500000, guid: c142cf2cad807c045b987c2e41305980, type: 3}
  m_Name: 
  m_EditorClassIdentifier: 
  agentObj: {fileID: 0}
  navigation: {fileID: 0}
  node: {fileID: 0}
  controller: {fileID: 0}
  bData:
    fieldData: []
  gameSaveLoaded: 0
  tree: {fileID: 0}
  result: 1
  selector: {fileID: 0}
  weightValue: 0
  probability: 0
  condition: {fileID: 0}
  direction: 1
  movementSpeedIncreaseRate: 0.2
  movementSpeed: 3
--- !u!114 &11400000
MonoBehaviour:
  m_ObjectHideFlags: 0
  m_CorrespondingSourceObject: {fileID: 0}
  m_PrefabInstance: {fileID: 0}
  m_PrefabAsset: {fileID: 0}
  m_GameObject: {fileID: 0}
  m_Enabled: 1
  m_EditorHideFlags: 0
  m_Script: {fileID: 11500000, guid: 5379847d6babd674a8a387ecc671af25, type: 3}
  m_Name: Invaders AI
  m_EditorClassIdentifier: 
  nodes:
  - {fileID: 2118924092395348777}
  - {fileID: -2793103083768088096}
  globalParameters: []
--- !u!114 &2118924092395348777
MonoBehaviour:
  m_ObjectHideFlags: 0
  m_CorrespondingSourceObject: {fileID: 0}
  m_PrefabInstance: {fileID: 0}
  m_PrefabAsset: {fileID: 0}
  m_GameObject: {fileID: 0}
  m_Enabled: 1
  m_EditorHideFlags: 0
  m_Script: {fileID: 11500000, guid: 45c5cdf6899a5014e9abebddf8ec2299, type: 3}
  m_Name: 
  m_EditorClassIdentifier: 
  behaviour: {fileID: 0}
  id: 0
  nodeType: 0
  name: Invaders AI
  sockets:
  - connection: []
    attachedNode: {fileID: 2118924092395348777}
    previousNode: {fileID: 0}
    type: -1
    id: 0
    display:
      serializedVersion: 2
      x: 79
      y: 547
      width: 20
      height: 10
  - connection:
    - {fileID: -2793103083768088096}
    attachedNode: {fileID: 2118924092395348777}
    previousNode: {fileID: 0}
    type: 1
    id: 1
    display:
      serializedVersion: 2
      x: 199
      y: 547
      width: 20
      height: 10
  startConnection: 0
  SelectedSocket:
    connection:
    - {fileID: -2793103083768088096}
    attachedNode: {fileID: 2118924092395348777}
    previousNode: {fileID: 0}
    type: 1
    id: 1
    display:
      serializedVersion: 2
      x: 199
      y: 547
      width: 20
      height: 10
  localParams: []
  displayWindow:
    serializedVersion: 2
    x: 99
    y: 497
    width: 100
    height: 100
  editorWindow: {fileID: 0}
  colour: {r: 0, g: 0, b: 0, a: 0}
  successTexture: {fileID: 0}
  selected: 0
  connectionSelected: 0
  localParamsDisplay: []
  currentSelectedParam:
    type: 0
    nConditionTypes: 0
    bConditionTypes: 0
    fConditionvalue: 0
    iConditionvalue: 0
    bConditionvalue: 0
    fContinuousValue: 0
    iContinuousValue: 0
    bContinuousValue: 0
    paramName: 
    selected: 0
    pData:
      paramName: 
      iParamValue: 0
      fParamValue: 0
      bParamValue: 0
  currentSelectedParamDisplay:
    serializedVersion: 2
    x: 0
    y: 0
    width: 0
    height: 0
  localParamsDisplayOffset: 80
  selectedParameter: 
--- !u!114 &8914697335208191812
MonoBehaviour:
  m_ObjectHideFlags: 0
  m_CorrespondingSourceObject: {fileID: 0}
  m_PrefabInstance: {fileID: 0}
  m_PrefabAsset: {fileID: 0}
  m_GameObject: {fileID: 0}
  m_Enabled: 1
  m_EditorHideFlags: 0
  m_Script: {fileID: 11500000, guid: c142cf2cad807c045b987c2e41305980, type: 3}
  m_Name: 
  m_EditorClassIdentifier: 
  agentObj: {fileID: 0}
  navigation: {fileID: 0}
  node: {fileID: 0}
  controller: {fileID: 0}
  bData:
    fieldData: []
  gameSaveLoaded: 0
  tree: {fileID: 0}
  result: 1
  selector: {fileID: 0}
  weightValue: 0
  probability: 0
  condition: {fileID: 0}
  direction: 1
  movementSpeedIncreaseRate: 0.4
  movementSpeed: 3
