%YAML 1.1
%TAG !u! tag:unity3d.com,2011:
--- !u!1 &5077758887282039985
GameObject:
  m_ObjectHideFlags: 0
  m_CorrespondingSourceObject: {fileID: 0}
  m_PrefabInstance: {fileID: 0}
  m_PrefabAsset: {fileID: 0}
  serializedVersion: 6
  m_Component:
  - component: {fileID: 5077758887282039986}
  - component: {fileID: 5077758887282039987}
  m_Layer: 0
  m_Name: Reflection Probe
  m_TagString: Untagged
  m_Icon: {fileID: 0}
  m_NavMeshLayer: 0
  m_StaticEditorFlags: 0
  m_IsActive: 1
--- !u!4 &5077758887282039986
Transform:
  m_ObjectHideFlags: 0
  m_CorrespondingSourceObject: {fileID: 0}
  m_PrefabInstance: {fileID: 0}
  m_PrefabAsset: {fileID: 0}
  m_GameObject: {fileID: 5077758887282039985}
  m_LocalRotation: {x: 0, y: 0, z: 0, w: 1}
  m_LocalPosition: {x: 4.52, y: 0, z: -1.59}
  m_LocalScale: {x: 1, y: 1, z: 1}
  m_Children: []
  m_Father: {fileID: 5077758888693566704}
  m_RootOrder: 0
  m_LocalEulerAnglesHint: {x: 0, y: 0, z: 0}
--- !u!215 &5077758887282039987
ReflectionProbe:
  m_ObjectHideFlags: 0
  m_CorrespondingSourceObject: {fileID: 0}
  m_PrefabInstance: {fileID: 0}
  m_PrefabAsset: {fileID: 0}
  m_GameObject: {fileID: 5077758887282039985}
  m_Enabled: 1
  serializedVersion: 2
  m_Type: 0
  m_Mode: 1
  m_RefreshMode: 1
  m_TimeSlicingMode: 0
  m_Resolution: 128
  m_UpdateFrequency: 0
  m_BoxSize: {x: 19.970762, y: 5.6928844, z: 30.68089}
  m_BoxOffset: {x: 0.81174755, y: 0.4076643, z: 0.011648178}
  m_NearClip: 0.3
  m_FarClip: 1000
  m_ShadowDistance: 100
  m_ClearFlags: 1
  m_BackGroundColor: {r: 0.19215687, g: 0.3019608, b: 0.4745098, a: 0}
  m_CullingMask:
    serializedVersion: 2
    m_Bits: 4294967295
  m_IntensityMultiplier: 1
  m_BlendDistance: 1
  m_HDR: 1
  m_BoxProjection: 0
  m_RenderDynamicObjects: 0
  m_UseOcclusionCulling: 1
  m_Importance: 1
  m_CustomBakedTexture: {fileID: 0}
--- !u!1 &5077758888444107450
GameObject:
  m_ObjectHideFlags: 0
  m_CorrespondingSourceObject: {fileID: 0}
  m_PrefabInstance: {fileID: 0}
  m_PrefabAsset: {fileID: 0}
  serializedVersion: 6
  m_Component:
  - component: {fileID: 5077758888444107451}
  - component: {fileID: 5077758888444107444}
  m_Layer: 0
  m_Name: Light Probe Group
  m_TagString: Untagged
  m_Icon: {fileID: 0}
  m_NavMeshLayer: 0
  m_StaticEditorFlags: 0
  m_IsActive: 1
--- !u!4 &5077758888444107451
Transform:
  m_ObjectHideFlags: 0
  m_CorrespondingSourceObject: {fileID: 0}
  m_PrefabInstance: {fileID: 0}
  m_PrefabAsset: {fileID: 0}
  m_GameObject: {fileID: 5077758888444107450}
  m_LocalRotation: {x: 0, y: 0, z: 0, w: 1}
  m_LocalPosition: {x: 0, y: 0, z: 0}
  m_LocalScale: {x: 1, y: 1, z: 1}
  m_Children: []
  m_Father: {fileID: 5077758888693566704}
  m_RootOrder: 2
  m_LocalEulerAnglesHint: {x: 0, y: 0, z: 0}
--- !u!220 &5077758888444107444
LightProbeGroup:
  m_ObjectHideFlags: 0
  m_CorrespondingSourceObject: {fileID: 0}
  m_PrefabInstance: {fileID: 0}
  m_PrefabAsset: {fileID: 0}
  m_GameObject: {fileID: 5077758888444107450}
  m_Enabled: 1
  m_SourcePositions:
  - {x: 14.761745, y: 2.6834192, z: 12.974647}
  - {x: 14.761745, y: 2.6834192, z: -16.935646}
  - {x: 14.816879, y: -1.881504, z: 12.974647}
  - {x: 14.761745, y: -1.881504, z: -16.935646}
  - {x: -4.575661, y: 2.6834192, z: 12.974647}
  - {x: -4.575661, y: 2.6834192, z: -16.935646}
  - {x: -4.575661, y: -1.881504, z: 12.974647}
  - {x: -4.575661, y: -1.881504, z: -16.935646}
  - {x: 14.761745, y: 2.6834192, z: 2.926606}
  - {x: 14.816879, y: -1.881504, z: 2.926606}
  - {x: -4.575661, y: 2.6834192, z: 2.926606}
  - {x: -4.575661, y: -1.881504, z: 2.926606}
  - {x: 14.761745, y: 2.6834192, z: -6.828273}
  - {x: 14.761745, y: -1.881504, z: -6.828273}
  - {x: -4.575661, y: 2.6834192, z: -6.828273}
  - {x: -4.575661, y: -1.881504, z: -6.828273}
  - {x: 4.824297, y: 2.6834192, z: 12.974647}
  - {x: 4.824297, y: 2.6834192, z: -16.935646}
  - {x: 4.87943, y: -1.881504, z: 12.974647}
  - {x: 4.824297, y: -1.881504, z: -16.935646}
  - {x: 4.824297, y: 2.6834192, z: 2.926606}
  - {x: 4.87943, y: -1.881504, z: 2.926606}
  - {x: 4.824297, y: 2.6834192, z: -6.828273}
  - {x: 4.824297, y: -1.881504, z: -6.828273}
  m_Dering: 1
--- !u!1 &5077758888693566711
GameObject:
  m_ObjectHideFlags: 0
  m_CorrespondingSourceObject: {fileID: 0}
  m_PrefabInstance: {fileID: 0}
  m_PrefabAsset: {fileID: 0}
  serializedVersion: 6
  m_Component:
  - component: {fileID: 5077758888693566704}
  m_Layer: 0
  m_Name: '-----------Lighting----------'
  m_TagString: Untagged
  m_Icon: {fileID: 0}
  m_NavMeshLayer: 0
  m_StaticEditorFlags: 0
  m_IsActive: 1
--- !u!4 &5077758888693566704
Transform:
  m_ObjectHideFlags: 0
  m_CorrespondingSourceObject: {fileID: 0}
  m_PrefabInstance: {fileID: 0}
  m_PrefabAsset: {fileID: 0}
  m_GameObject: {fileID: 5077758888693566711}
  m_LocalRotation: {x: 0, y: 0, z: 0, w: 1}
  m_LocalPosition: {x: 0, y: 2.007018, z: 0}
  m_LocalScale: {x: 1, y: 1, z: 1}
  m_Children:
  - {fileID: 5077758887282039986}
  - {fileID: 6516161446013001924}
  - {fileID: 5077758888444107451}
  - {fileID: 5077758888843358078}
  m_Father: {fileID: 0}
  m_RootOrder: 0
  m_LocalEulerAnglesHint: {x: 0, y: 0, z: 0}
--- !u!1 &5077758888843357954
GameObject:
  m_ObjectHideFlags: 0
  m_CorrespondingSourceObject: {fileID: 0}
  m_PrefabInstance: {fileID: 0}
  m_PrefabAsset: {fileID: 0}
  serializedVersion: 6
  m_Component:
  - component: {fileID: 5077758888843358078}
  - component: {fileID: 5077758888843358077}
  - component: {fileID: 5077758888843358076}
  - component: {fileID: 5077758888843357955}
  m_Layer: 0
  m_Name: ShadowPlane
  m_TagString: Untagged
  m_Icon: {fileID: 0}
  m_NavMeshLayer: 0
  m_StaticEditorFlags: 0
  m_IsActive: 1
--- !u!4 &5077758888843358078
Transform:
  m_ObjectHideFlags: 0
  m_CorrespondingSourceObject: {fileID: 0}
  m_PrefabInstance: {fileID: 0}
  m_PrefabAsset: {fileID: 0}
  m_GameObject: {fileID: 5077758888843357954}
  m_LocalRotation: {x: -0, y: -0, z: -0.00000028312203, w: -1}
  m_LocalPosition: {x: 5.104, y: 2.899982, z: -1.956}
  m_LocalScale: {x: 2.019402, y: 1, z: 3.0349917}
  m_Children: []
  m_Father: {fileID: 5077758888693566704}
  m_RootOrder: 3
  m_LocalEulerAnglesHint: {x: 0, y: 0, z: 360}
--- !u!33 &5077758888843358077
MeshFilter:
  m_ObjectHideFlags: 0
  m_CorrespondingSourceObject: {fileID: 0}
  m_PrefabInstance: {fileID: 0}
  m_PrefabAsset: {fileID: 0}
  m_GameObject: {fileID: 5077758888843357954}
  m_Mesh: {fileID: 10209, guid: 0000000000000000e000000000000000, type: 0}
--- !u!23 &5077758888843358076
MeshRenderer:
  m_ObjectHideFlags: 0
  m_CorrespondingSourceObject: {fileID: 0}
  m_PrefabInstance: {fileID: 0}
  m_PrefabAsset: {fileID: 0}
  m_GameObject: {fileID: 5077758888843357954}
  m_Enabled: 1
  m_CastShadows: 3
  m_ReceiveShadows: 1
  m_DynamicOccludee: 1
  m_MotionVectors: 1
  m_LightProbeUsage: 1
  m_ReflectionProbeUsage: 1
  m_RenderingLayerMask: 1
  m_RendererPriority: 0
  m_Materials:
  - {fileID: 10303, guid: 0000000000000000f000000000000000, type: 0}
  m_StaticBatchInfo:
    firstSubMesh: 0
    subMeshCount: 0
  m_StaticBatchRoot: {fileID: 0}
  m_ProbeAnchor: {fileID: 0}
  m_LightProbeVolumeOverride: {fileID: 0}
  m_ScaleInLightmap: 1
  m_ReceiveGI: 1
  m_PreserveUVs: 0
  m_IgnoreNormalsForChartDetection: 0
  m_ImportantGI: 0
  m_StitchLightmapSeams: 1
  m_SelectedEditorRenderState: 3
  m_MinimumChartSize: 4
  m_AutoUVMaxDistance: 0.5
  m_AutoUVMaxAngle: 89
  m_LightmapParameters: {fileID: 0}
  m_SortingLayerID: 0
  m_SortingLayer: 0
  m_SortingOrder: 0
--- !u!64 &5077758888843357955
MeshCollider:
  m_ObjectHideFlags: 0
  m_CorrespondingSourceObject: {fileID: 0}
  m_PrefabInstance: {fileID: 0}
  m_PrefabAsset: {fileID: 0}
  m_GameObject: {fileID: 5077758888843357954}
  m_Material: {fileID: 0}
  m_IsTrigger: 0
  m_Enabled: 1
  serializedVersion: 3
  m_Convex: 0
  m_CookingOptions: 14
  m_Mesh: {fileID: 10209, guid: 0000000000000000e000000000000000, type: 0}
--- !u!1001 &5077758889235952479
PrefabInstance:
  m_ObjectHideFlags: 0
  serializedVersion: 2
  m_Modification:
    m_TransformParent: {fileID: 5077758888693566704}
    m_Modifications:
    - target: {fileID: 4221193058260736622, guid: fe34f8c8a6c7c5647bc860fc6fe6ad46,
        type: 3}
      propertyPath: m_Name
      value: Reflection Probe (Outdoors)
      objectReference: {fileID: 0}
    - target: {fileID: 2024891957835125659, guid: fe34f8c8a6c7c5647bc860fc6fe6ad46,
        type: 3}
      propertyPath: m_LocalPosition.x
      value: -10.94
      objectReference: {fileID: 0}
    - target: {fileID: 2024891957835125659, guid: fe34f8c8a6c7c5647bc860fc6fe6ad46,
        type: 3}
      propertyPath: m_LocalPosition.y
      value: 0
      objectReference: {fileID: 0}
    - target: {fileID: 2024891957835125659, guid: fe34f8c8a6c7c5647bc860fc6fe6ad46,
        type: 3}
      propertyPath: m_LocalPosition.z
      value: 0
      objectReference: {fileID: 0}
    - target: {fileID: 2024891957835125659, guid: fe34f8c8a6c7c5647bc860fc6fe6ad46,
        type: 3}
      propertyPath: m_LocalRotation.x
      value: 0
      objectReference: {fileID: 0}
    - target: {fileID: 2024891957835125659, guid: fe34f8c8a6c7c5647bc860fc6fe6ad46,
        type: 3}
      propertyPath: m_LocalRotation.y
      value: 0
      objectReference: {fileID: 0}
    - target: {fileID: 2024891957835125659, guid: fe34f8c8a6c7c5647bc860fc6fe6ad46,
        type: 3}
      propertyPath: m_LocalRotation.z
      value: 0
      objectReference: {fileID: 0}
    - target: {fileID: 2024891957835125659, guid: fe34f8c8a6c7c5647bc860fc6fe6ad46,
        type: 3}
      propertyPath: m_LocalRotation.w
      value: 1
      objectReference: {fileID: 0}
    - target: {fileID: 2024891957835125659, guid: fe34f8c8a6c7c5647bc860fc6fe6ad46,
        type: 3}
      propertyPath: m_RootOrder
      value: 1
      objectReference: {fileID: 0}
    - target: {fileID: 2024891957835125659, guid: fe34f8c8a6c7c5647bc860fc6fe6ad46,
        type: 3}
      propertyPath: m_LocalEulerAnglesHint.x
      value: 0
      objectReference: {fileID: 0}
    - target: {fileID: 2024891957835125659, guid: fe34f8c8a6c7c5647bc860fc6fe6ad46,
        type: 3}
      propertyPath: m_LocalEulerAnglesHint.y
      value: 0
      objectReference: {fileID: 0}
    - target: {fileID: 2024891957835125659, guid: fe34f8c8a6c7c5647bc860fc6fe6ad46,
        type: 3}
      propertyPath: m_LocalEulerAnglesHint.z
      value: 0
      objectReference: {fileID: 0}
    - target: {fileID: 4629887036270653814, guid: fe34f8c8a6c7c5647bc860fc6fe6ad46,
        type: 3}
      propertyPath: m_RefreshMode
      value: 1
      objectReference: {fileID: 0}
    - target: {fileID: 4629887036270653814, guid: fe34f8c8a6c7c5647bc860fc6fe6ad46,
        type: 3}
      propertyPath: m_BoxSize.y
      value: 26.628323
      objectReference: {fileID: 0}
    - target: {fileID: 4629887036270653814, guid: fe34f8c8a6c7c5647bc860fc6fe6ad46,
        type: 3}
      propertyPath: m_BoxOffset.x
      value: -4.6051445
      objectReference: {fileID: 0}
    - target: {fileID: 4629887036270653814, guid: fe34f8c8a6c7c5647bc860fc6fe6ad46,
        type: 3}
      propertyPath: m_BoxOffset.y
      value: 8.314161
      objectReference: {fileID: 0}
    m_RemovedComponents: []
  m_SourcePrefab: {fileID: 100100000, guid: fe34f8c8a6c7c5647bc860fc6fe6ad46, type: 3}
--- !u!4 &6516161446013001924 stripped
Transform:
  m_CorrespondingSourceObject: {fileID: 2024891957835125659, guid: fe34f8c8a6c7c5647bc860fc6fe6ad46,
    type: 3}
  m_PrefabInstance: {fileID: 5077758889235952479}
  m_PrefabAsset: {fileID: 0}
